@online {wiki_gravitationalPotential,
    title = {Gravitational Potential},
    organization = {Wikipedia},
    url = {https://en.wikipedia.org/wiki/Gravitational_potential},
}

@online {wiki_twoBodyProblem,
    title = {Two body Problem},
    organization = {Wikipedia},
    url = {https://en.wikipedia.org/wiki/Two-body_problem},
}

@online {modelling_n_body,
    title = {Modelling n body problem},
    organization = {https://www.marksmath.org},
    url = {https://www.marksmath.org/classes/Spring2018NumericalAnalysis/code/nBody.html},
}

@book {orbital_mechanics,
    title = {Orbital Mechanics for Engineering Students},
    author = { Curtis, Howard, D. },
    year = {2005},
    isbn = {0 7506 6169 0},
    publisher = {Elsevier Butterworth-Heinemann},
}

@book {orbital_mechanics_4ed,
    title = {Orbital Mechanics for Engineering Students},
    edition = {4},
    author = { Curtis, Howard, D. },
    year = {2020},
    isbn = {978-0-08-202233-0},
    publisher = {Elsevier Butterworth-Heinemann},
}

@online {python_org,
    title ={Python Website},
    organization ={Python},
    url = {https://www.python.org},
}
